@article{Skeels2008,
address = {New York, New York, USA},
author = {Skeels, Meredith and Lee, Bongshin and Smith, Greg and Robertson, George},
doi = {10.1145/1385569.1385637},
file = {:Users/wxj/Downloads/avi2008-uncertainty.pdf:pdf},
isbn = {9781605581415},
journal = {Proceedings of the working conference on Advanced visual interfaces - AVI '08},
keywords = {information visualization,qualitative,research,uncertainty visualization,user-centered design},
pages = {376},
publisher = {ACM Press},
title = {{Revealing uncertainty for information visualization}},
url = {http://portal.acm.org/citation.cfm?doid=1385569.1385637},
year = {2008}
}
@article{Zuk2007,
author = {Zuk, Torre and Carpendale, Sheelagh},
file = {:Users/wxj/Downloads/Zuk\_2007\_VisualizingUncertaintyReasoning.pdf:pdf},
journal = {Smart Graphics},
pages = {164--177},
title = {{Visualization of uncertainty and reasoning}},
url = {http://link.springer.com/chapter/10.1007/978-3-540-73214-3\_15},
year = {2007}
}
@article{Chang2007,
author = {Chang, Mei-Shiang and Tseng, Ya-Ling and Chen, Jing-Wen},
doi = {10.1016/j.tre.2006.10.013},
issn = {13665545},
journal = {Transportation Research Part E: Logistics and Transportation Review},
month = nov,
number = {6},
pages = {737--754},
title = {{A scenario planning approach for the flood emergency logistics preparation problem under uncertainty}},
url = {http://linkinghub.elsevier.com/retrieve/pii/S1366554507000178},
volume = {43},
year = {2007}
}
@book{Norman2013,
author = {Norman, Donald A},
publisher = {Basic books},
title = {{The design of everyday things: Revised and expanded}},
year = {2013}
}
@article{Bellotti2001,
author = {Bellotti, Victoria and Edwards, Keith},
doi = {10.1207/S15327051HCI16234\_05},
file = {:Users/wxj/Downloads/hcij-context.pdf:pdf},
issn = {0737-0024},
journal = {Human-Computer Interaction},
month = dec,
number = {2},
pages = {193--212},
title = {{Intelligibility and Accountability: Human Considerations in Context-Aware Systems}},
url = {http://www.informaworld.com/openurl?genre=article\&doi=10.1207/S15327051HCI16234\_05\&magic=crossref||D404A21C5BB053405B1A640AFFD44AE3},
volume = {16},
year = {2001}
}
@book{Suchman1987,
author = {Suchman, Lucy},
publisher = {Cambridge university press},
title = {{Plans and situated actions: the problem of human-machine communication}},
year = {1987}
}
@inproceedings{Endsley2001,
author = {Endsley, Mica},
booktitle = {Proceedings of the Second International Workshop on symbiosis of humans, artifacts and environment. 2001.},
file = {:Users/wxj/Library/Application Support/Mendeley Desktop/Downloaded/Endsley - 2001 - Design of situation awareness in complex systems.pdf:pdf},
title = {{Design of situation awareness in complex systems}},
year = {2001}
}
@article{Hiltz1985,
author = {Hiltz, Starr Roxanne and Turoff, Murray},
file = {:Users/wxj/Desktop/StructuringComputerMediated.pdf:pdf},
title = {{Structuring Computer-Mediated Communication Systems to Avoid Information Overload}},
volume = {28},
year = {1985}
}
@article{Kadous2006,
address = {New York, New York, USA},
author = {Kadous, M. Waleed and Sheh, Raymond Ka-Man and Sammut, Claude},
doi = {10.1145/1121241.1121285},
file = {:Users/wxj/Library/Application Support/Mendeley Desktop/Downloaded/Kadous, Sheh, Sammut - 2006 - Effective user interface design for rescue robotics.pdf:pdf},
isbn = {1595932941},
journal = {Proceeding of the 1st ACM SIGCHI/SIGART conference on Human-robot interaction - HRI '06},
keywords = {human robot in-,rescue robot design,user interface design},
pages = {250},
publisher = {ACM Press},
title = {{Effective user interface design for rescue robotics}},
url = {http://portal.acm.org/citation.cfm?doid=1121241.1121285},
year = {2006}
}
@article{Conti2006,
author = {Conti, G. and Abdullah, K. and Grizzard, J. and Stasko, J. and Copeland, J.A. and Ahamad, M. and Owen, H.L. and Lee, C.},
doi = {10.1109/MCG.2006.30},
issn = {0272-1716},
journal = {IEEE Computer Graphics and Applications},
month = mar,
number = {2},
pages = {60--70},
title = {{Countering security information overload through alert and packet visualization}},
url = {http://ieeexplore.ieee.org/lpdocs/epic03/wrapper.htm?arnumber=1607922},
volume = {26},
year = {2006}
}
@article{Benford2006,
author = {Benford, Steve and Crabtree, Andy and Flintham, Martin and Drozd, Adam and Anastasi, Rob and Paxton, Mark and Tandavanitj, Nick and Adams, Matt and Row-Farr, Ju},
doi = {10.1145/1143518.1143522},
file = {:Users/wxj/Library/Application Support/Mendeley Desktop/Downloaded/Benford et al. - 2006 - Can you see me now.pdf:pdf},
issn = {10730516},
journal = {ACM Transactions on Computer-Human Interaction},
month = mar,
number = {1},
pages = {100--133},
title = {{Can you see me now?}},
url = {http://portal.acm.org/citation.cfm?doid=1143518.1143522},
volume = {13},
year = {2006}
}
@article{Turoff2004a,
author = {Turoff, M and Chumer, M},
file = {:Users/wxj/Downloads/The Design of a Dynamic Emergency Response Management Information.pdf:pdf},
journal = {Journal of Information \ldots},
pages = {1--35},
title = {{The design of a dynamic emergency response management information system (DERMIS)}},
url = {http://aisel.aisnet.org/cgi/viewcontent.cgi?article=1138\&context=jitta},
year = {2004}
}
